@book{leite2017fenomeno,
  title={O fenômeno do empreendedorismo},
  author={Leite, Emanuel Ferreira},
  year={2017},
  publisher={Saraiva Educação SA}
}

@book{dornelas2008empreendedorismo,
  title={Empreendedorismo},
  author={Dornelas, Jos{\'e} Carlos Assis},
  year={2008},
  publisher={Elsevier Brasil}
}


@book{stangherlin2020desafios,
  title={Os desafios enfrentados pelos pequenos empreendedores durante a pandemia da Covid-19},
  author={Stangherlin, Aline and JOÃO, Daniel de Moraes and OLIVEIRA, Josele Nara Delazeri de},
  year={2020},
  publisher={Universidade Federal de Santa Maria}
}



@misc{ empreendedorismo,
 author = "Daniela Sampaio",
 title = "Como Funciona o Empreendedorismo Individual",
 year = "2019",
 url = "\url{https://www.ignicaodigital.com.br/como-funciona-o-empreendedorismo-individual/}",
 note = "[Online; accessed 20-abril-2022]"
 
 } 
 
 
 
@misc{ ementa,
 author = "UFPE",
 title = "Perfil Curricular Ciência da Computação",
 year = "2022",
 url = "\url{https://siga.ufpe.br/ufpe/logado.jsf}",
 note = "[Online; accessed 20-abril-2022]"
 
 }
